@article{feicui,
  author        = "Fei Wang and others",
  title         = {{A Comprehensive UAV Indoor Navigation System Based on Vision Optical Flow and Laser FastSLAM}},
  journal       = "Acta Automatica Sinica",
  volume        = "39",
  number		= "11",
  year          = "2013",
  pages         = "1889-1900"
}

@inproceedings{yu:ccdc:2017,
  author =       {Fengmin Yu and others},
  title =        {{Autonomous flight control law for an indoor UAV quadrotor}},
  doi =          {10.1109/CCDC.2017.7978396},
  crossref =	{ccdc:2017}
}

@proceedings{ccdc:2017,
  title =        "Control and Decision Conference (CCDC)",
  booktitle =     "Control and Decision Conference (CCDC)",
  publisher =    {IEEE},
  venue =        {Chongqing, China},
  month =        may,
  year =         {2017},
  isbn =		{978-1-5090-4657-7}
}

@inproceedings{qzeng,
  author =       "Qinghua Zeng and others",
  title =        {{Integrating Monocular Vision and Laser point for Indoor UAV SLAM}},
  doi =          {10.1109/UPINLBS.2014.7033725},
  crossref =	{UPINLBS:2014}
}

@proceedings{UPINLBS:2014,
  title =        "Ubiquitous Positioning Indoor Navigation and Location Based Service (UPINLBS)",
  booktitle =     "Ubiquitous Positioning Indoor Navigation and Location Based Service (UPINLBS), 2014",
  publisher =    {IEEE},
  venue =        {Corpus Christ, TX, USA},
  month =        nov,
  year =         {2014},
  isbn =		{978-1-4799-6004-0}
}

@article{kumar,
  author        = "G. A. Kumar and others",
  title         = {{A LiDAR and IMU Integrated Indoor Navigation System for UAVs and Its Application in Real-Time Pipeline Classification}},
  journal       = "Sensors",
  volume        = "17",
  year          = "2017",
  pages         = "1268",
  doi = {10.3390/s17061268},
}

@inproceedings{mustafah,
  author =       "Y. M. Mustafah and others",
  title =        {{Indoor UAV Positioning Using Stereo Vision Sensor}},
  doi =          {10.1016/j.proeng.2012.07.214},
  crossref =	{IRIS:2012}
}

@proceedings{IRIS:2012,
  title =        "International Symposium on Robotics and Intelligent Sensors",
  booktitle =     "International Symposium on Robotics and Intelligent Sensors",
  publisher =    {Procedia Engineering},
  year =         {2012},
  isbn =		{978-1-4799-6004-0}
}

@article{smithcheese,
  author        = "R.C. Smith and P. Cheeseman",
  title         = {{On the Representation and Estimation of Spatial Uncertainty}},
  journal       = "The International Journal of Robotics Research",
  volume        = "5",
  number = {4},
  year          = "1986",
  pages         = "56-68",
  doi = {10.1177/027836498600500404}
}

@article{julier,
  author        = "S.J. Julier and J.K. Uhlmann",
  title         = {{Unscented filtering and nonlinear estimation}},
  journal       = "Proceedings of the IEEE",
  volume        = "92",
  number = {3},
  year          = "2004",
  pages         = "401-422",
  doi = {10.1109/JPROC.2003.823141}
}

@article{julier,
  author        = "Javier Civera, Andrew J. Davison, and J. M. Martinez Montiel",
  title         = {{Inverse Depth Parametrization for Monocular SLAM}},
  journal       = "IEEE Transactions on Robotics",
  volume        = "24",
  number = {5},
  year          = "2008",
  pages         = "932"
}